<?xml version="1.0" encoding="UTF-8"?><collection xmlns="http://www.loc.gov/MARC21/slim"><record><leader>00356nam--2200121-i-4500</leader><controlfield tag="001">000037186</controlfield><controlfield tag="002">20161230</controlfield><controlfield tag="005">20161230201041</controlfield><controlfield tag="008">060222s1000------------r-----000-0-eng-d</controlfield><datafield ind1=" " ind2=" " tag="080"><subfield code="a">65.012:658.3.041</subfield></datafield><datafield ind1=" " ind2=" " tag="245"><subfield code="a">Problemele eficientei organizarii stiintifice a muncii</subfield></datafield><datafield ind1=" " ind2=" " tag="260"><subfield code="a">Bucuresti, Centrul De Docum.Si Publ.Al Minist.Muncii, 1974, 345p</subfield></datafield><datafield ind1=" " ind2=" " tag="852"><subfield code="a">40766</subfield></datafield></record></collection>